% !Mode:: "TeX:UTF-8"

@misc{dsaaaicse2004,
  note = {M. A. Weiss. 数据结构与算法分析:C语言描述(原书第2版)[M]. 冯舜玺译. 北京: 机械工业出版社, 2004:199-207.},
  key = {dsaaaicse}
}
